@Book{PDF,
  author =	 {{Adobe System Incorporated}},
  title = 	 {PDF Reference Adobe Portable Document Format version 1.4},
  publisher = 	 {Addison--Wesley},
  year = 	 2001
}

@webpage{DShield,
  title = {DShield Honeypot},
  url = {https://isc.sans.edu/tools/ honeypot/},
  refdate = {accessed 2024/6/14},
}

@article{Entry,
  author          = {中山 楓 and 鉄穎 and 楊笛 and 田宮 和樹 and 吉岡 克成 and 松本 勉},
  journal         = {情報処理学会論文誌},
  number          = {9},
  title           = {{IoT}機器へのTelnetを用いたサイバー攻撃の分析},
  volume          = {58},
  year            = {2017},
  pages           = {1399--1409},
}

@webpage{Cowrie,
  title = {Welcome to Cowrie’s documentation!},
  url = {https: //cowrie.readthedocs.io/en/latest/index. html},
  refdate = {accessed 2024/5/31},
}

@booklet{nishida2022,
  author       = {西田圭介},
  title        = {インターネット上のサイバー攻撃のハニーポットを用いた分析と可視化},
  howpublished = {拓殖大学工学部情報工学科卒業論文},
  year = {2022}
}

@webpage{Twisted,
  title = {Welcome to the Twisted documentation!},
  url = {https://docs.twisted.org/en/stable/index.html},
  refdate = {accessed
2024/07/28},
}

@webpage{elf,
  title = {elf - 実行可能リンクフォーマット (ELF) ファ イ ル の フ ォ ー マ ッ ト},
  url = {https://manpages.ubuntu. com/manpages/trusty/ja/man5/elf.5.html },
  refdate = {参照 2024/6/14},
}

@webpage{Mirai,
  title = {Mirai BotNet},
  url = {https://github.com/jgamblin/ Mirai-Source-Code},
  refdate = {accessed 2024/5/31},
}
